<?xml version="1.0" encoding="UTF-8"?><collection xmlns="http://www.loc.gov/MARC21/slim"><record><leader>00339nam--2200133-i-4500</leader><controlfield tag="001">000047462</controlfield><controlfield tag="002">20161230</controlfield><controlfield tag="005">20161230201046</controlfield><controlfield tag="008">060222s1000------------r-----000-0-eng-d</controlfield><datafield ind1=" " ind2=" " tag="080"><subfield code="a">669..017</subfield></datafield><datafield ind1=" " ind2=" " tag="100"><subfield code="a">Winegard,W.C</subfield></datafield><datafield ind1=" " ind2=" " tag="245"><subfield code="a">An intr.to the solidification of metals</subfield></datafield><datafield ind1=" " ind2=" " tag="260"><subfield code="a">Londonl, The Inst.Of Metals, 1964. X+98 P</subfield></datafield><datafield ind1=" " ind2=" " tag="852"><subfield code="a">30363</subfield></datafield></record></collection>